<record><leader>00000cas a22000007a 4500</leader><controlfield tag="001">13472766</controlfield><controlfield tag="008">860422d18971928coudn ne      0    0eng d</controlfield><datafield ind1=" " ind2=" " tag="010"><subfield code="a">sn 86091275 </subfield></datafield><datafield ind1=" " ind2=" " tag="040"><subfield code="a">UNP</subfield><subfield code="b">eng</subfield><subfield code="c">UNP</subfield><subfield code="d">CNQ</subfield><subfield code="d">OCLCQ</subfield></datafield><datafield ind1=" " ind2=" " tag="042"><subfield code="a">msc</subfield></datafield><datafield ind1=" " ind2="4" tag="050"><subfield code="a">AN2.C6</subfield><subfield code="b">D87</subfield></datafield><datafield ind1="0" ind2="0" tag="245"><subfield code="a">Durango evening herald.</subfield></datafield><datafield ind1="1" ind2="7" tag="246"><subfield code="a">Daily herald</subfield></datafield><datafield ind1=" " ind2=" " tag="260"><subfield code="a">Durango, Colo. :</subfield><subfield code="b">Durango Print. Co.</subfield></datafield><datafield ind1=" " ind2=" " tag="300"><subfield code="a">v.</subfield></datafield><datafield ind1=" " ind2=" " tag="310"><subfield code="a">Daily (except Sun.)</subfield></datafield><datafield ind1=" " ind2=" " tag="321"><subfield code="a">Daily</subfield></datafield><datafield ind1="0" ind2=" " tag="362"><subfield code="a">Vol. 9, no. 247 (Aug. 16, 1897) = v. 5, no. 55-</subfield></datafield><datafield ind1="1" ind2=" " tag="362"><subfield code="a">Ceased with Apr. 5, 1928 issue.</subfield><subfield code="z">Cf. Oehlerts, d. E. Guide to Colo. newspapers.</subfield></datafield><datafield ind1=" " ind2=" " tag="515"><subfield code="a">Issues for: Aug. 16, 1897-Jan. 12, 1898 also numbered Southwest vol. 5, no. 55-v. 5, no. 104, continuing the numbering of: Daily Southwest (Durango, Colo.).</subfield></datafield><datafield ind1=" " ind2=" " tag="580"><subfield code="a">Weekly ed.: Durango herald (Durango, Colo. : Weekly : 1895), 1895-1898.</subfield></datafield><datafield ind1=" " ind2=" " tag="580"><subfield code="a">Semiweekly eds.: Durango semi-weekly herald, &lt;Jan. 5, 1899&gt;-Sept. 26, 1907, and: Semi-weekly herald Sept. 30, 1907-&lt;Nov. 15,1917&gt;.</subfield></datafield><datafield ind1=" " ind2=" " tag="752"><subfield code="a">United States</subfield><subfield code="b">Colorado</subfield><subfield code="c">La Plata</subfield><subfield code="d">Durango.</subfield></datafield><datafield ind1="1" ind2=" " tag="775"><subfield code="t">Durango herald (Durango, Colo. : Weekly : 1895)</subfield><subfield code="w">(DLC)sn 86091270</subfield><subfield code="w">(OCoLC)13461884</subfield></datafield><datafield ind1="1" ind2=" " tag="775"><subfield code="t">Durango semi-weekly herald</subfield><subfield code="w">(DLC)sn 91052313</subfield></datafield><datafield ind1="1" ind2=" " tag="775"><subfield code="t">Semi-weekly herald (Durango, Colo.)</subfield><subfield code="w">(DLC)sn 91052314</subfield></datafield><datafield ind1="0" ind2="0" tag="780"><subfield code="t">Durango herald and daily southwest</subfield><subfield code="w">(DLC)sn 86091274</subfield><subfield code="w">(OCoLC)13472425</subfield></datafield><datafield ind1="0" ind2="7" tag="785"><subfield code="t">Durango democrat (Durango, Colo. : 1898)</subfield><subfield code="w">(DLC)sn 86063189</subfield><subfield code="w">(OCoLC)13165685</subfield></datafield><datafield ind1="0" ind2="7" tag="785"><subfield code="t">Durango herald-democrat</subfield><subfield code="w">(DLC)sn 90051400</subfield></datafield></record>